<record><leader>00000cas a2200000 a 4500</leader><controlfield tag="001">213443332</controlfield><controlfield tag="008">080318cuuuu9999gauwr ne      |    0eng c</controlfield><datafield ind1=" " ind2=" " tag="010"><subfield code="a">  2008233315</subfield></datafield><datafield ind1=" " ind2=" " tag="040"><subfield code="a">GUA</subfield><subfield code="b">eng</subfield><subfield code="c">GUA</subfield><subfield code="d">OCLCQ</subfield><subfield code="d">OCLCF</subfield><subfield code="d">OCLCO</subfield></datafield><datafield ind1=" " ind2=" " tag="042"><subfield code="a">pcc</subfield></datafield><datafield ind1=" " ind2=" " tag="043"><subfield code="a">n-us-ga</subfield></datafield><datafield ind1="0" ind2="0" tag="245"><subfield code="a">Elberton star &amp; examiner.</subfield></datafield><datafield ind1="1" ind2="3" tag="246"><subfield code="a">Elberton star and examiner</subfield></datafield><datafield ind1=" " ind2=" " tag="260"><subfield code="a">Elberton, Ga. :</subfield><subfield code="b">Elberton Star &amp; Examiner</subfield></datafield><datafield ind1=" " ind2=" " tag="300"><subfield code="a">v.</subfield></datafield><datafield ind1=" " ind2=" " tag="310"><subfield code="a">Weekly</subfield></datafield><datafield ind1=" " ind2=" " tag="580"><subfield code="a">Merger of: Elberton star (Elberton, Ga. : 1987), and: Elbert county examiner.</subfield></datafield><datafield ind1=" " ind2=" " tag="588"><subfield code="a">Description based on: Vol. 113, no. 26 (July 5, 2000); title from caption.</subfield></datafield><datafield ind1=" " ind2=" " tag="588"><subfield code="a">Latest issue consulted: June 27, 2001.</subfield></datafield><datafield ind1=" " ind2="0" tag="651"><subfield code="a">Elberton (Ga.)</subfield><subfield code="v">Newspapers.</subfield></datafield><datafield ind1=" " ind2="0" tag="651"><subfield code="a">Elbert County (Ga.)</subfield><subfield code="v">Newspapers.</subfield></datafield><datafield ind1=" " ind2="7" tag="655"><subfield code="a">Newspapers.</subfield><subfield code="2">fast</subfield><subfield code="0">(OCoLC)fst01423814</subfield></datafield><datafield ind1=" " ind2="7" tag="651"><subfield code="a">Georgia</subfield><subfield code="z">Elbert County.</subfield><subfield code="2">fast</subfield><subfield code="0">(OCoLC)fst01206959</subfield></datafield><datafield ind1=" " ind2="7" tag="651"><subfield code="a">Georgia</subfield><subfield code="z">Elberton.</subfield><subfield code="2">fast</subfield><subfield code="0">(OCoLC)fst01227276</subfield></datafield><datafield ind1=" " ind2=" " tag="752"><subfield code="a">United States</subfield><subfield code="b">Georgia</subfield><subfield code="c">Elbert</subfield><subfield code="d">Elberton.</subfield></datafield><datafield ind1="1" ind2="4" tag="780"><subfield code="t">Elberton star (Elberton, Ga. : 1987)</subfield><subfield code="w">(DLC)sn 91099110</subfield><subfield code="w">(OCoLC)23242473</subfield></datafield><datafield ind1="1" ind2="4" tag="780"><subfield code="t">Elbert county examiner</subfield></datafield></record>